@book{GuKa92,
	author       = {Gulbins, J{\"u}rgen and Kahrmann, Christine},
	title        = {{Mut zur Typographie}},
	publisher    = {Springer-Verlag},
	year         = {1992},
	language     = {german}
}
