@article{example2023,
    author = {Smith, John and Doe, Jane},
    title = {An Example Research Article},
    journal = {Journal of Example Research},
    year = {2023},
    volume = {10},
    number = {2},
    pages = {123--145},
    doi = {10.1234/example.2023.001}
}

@book{example2022,
    author = {Johnson, Michael},
    title = {Example Book Title: A Comprehensive Guide},
    publisher = {Academic Press},
    year = {2022},
    address = {New York},
    edition = {2nd}
}

@inproceedings{example2021,
    author = {Brown, Alice and Green, Bob},
    title = {Example Conference Paper},
    booktitle = {Proceedings of the International Conference on Example Topics},
    year = {2021},
    pages = {45--52},
    publisher = {IEEE},
    address = {San Francisco, CA}
}

@online{example2024,
    author = {Wilson, David},
    title = {Example Online Resource},
    year = {2024},
    url = {https://example.com/resource},
    note = {Accessed: 2024-01-15}
}
